@book{teste,
  title={ANDROID PARA DESENVOLVEDORES: INCLUI VERSAO ANDROID 4 ICE CREAM SANDWICH},
  author={PEREIRA, L.C.O. and DA SILVA, M.L.},
  isbn={9788574524993},
  url={https://books.google.com.br/books?id=Nk\_4LQEACAAJ},
  publisher={BRASPORT}
}

@book{teste2,
  title={INFORMATICA BASICA},
  author={ALCADE, E. and PENUELAS, S.},
  isbn={9780074605103},
  url={https://books.google.com.br/books?id=Z56GPgAACAAJ},
  publisher={MAKRON}
}
